@inproceedings{tamassia,
 author = {Cohen, R. F. and Di Battista, G. and Tamassia, R. and Tollis, I. G. a
nd Bertolazzi, P.},
 title = {A framework for dynamic graph drawing},
 booktitle = {{SCG '92: Proceedings of the eighth annual symposium on computatio
nal geometry}},
 year = {1992},
 isbn = {0-89791-517-8},
 pages = {261--270},
 location = {Berlin, Germany},
 doi = {http://doi.acm.org/10.1145/142675.142728},
 publisher = {ACM},
 address = {New York, NY, USA},
}

@article{boca,
    author={P. Boothe and S. Badame},
    journal={Congressus Numerantium},
    year={2010},
    volume={202},
    pages={75--85},
    title={Drawing Trees and Animating Tree Changes}
}

@book{gd,
    author={G. Di Battista and P. Eades and R. Tamassia and I. G. Tollis},
    title={Graph Drawing: Algorithms for the Visualization of Graphs},
    year={1999},
    publisher={Prentice Hall}
}

@misc{memeograph,
    note={Memeograph, Available at \url{https://github.com/sbadame/Memeograph} (Last accessed 15 April 2011)}
}

@misc{llrb,
    note={R. Sedgewick. Left-Leaning Red-Black Trees. (in progress, dated August 2008)  Available at \url{http://www.cs.princeton.edu/~rs/talks/LLRB/LLRB.pdf} (Last accessed 28 April, 2011)}
}

@article{dandh,
        title = "A Meta-Study of Algorithm Visualization Effectiveness",
        journal = "Journal of Visual Languages \& Computing",
        volume = "13",
        number = "3",
        pages = "259 - 290",
        year = "2002",
        note = "",
        issn = "1045-926X",
        doi = "DOI: 10.1006/jvlc.2002.0237",
        url = "http://www.sciencedirect.com/science/article/pii/S1045926X02902375",
        author = "Christopher D. Hundhausen and Sarah A. Douglas and John T. Stasko",
}


